
@article{ardila2019CommonVoiceMassivelyMultilingual,
  title = {Common {{Voice}}: {{A Massively}}-{{Multilingual Speech Corpus}}},
  shorttitle = {Common {{Voice}}},
  author = {Ardila, Rosana and Branson, Megan and Davis, Kelly and Henretty, Michael and Kohler, Michael and Meyer, Josh and Morais, Reuben and Saunders, Lindsay and Tyers, Francis M. and Weber, Gregor},
  year = {2019},
  month = dec,
  archivePrefix = {arXiv},
  eprint = {1912.06670},
  eprinttype = {arxiv},
  journal = {arXiv:1912.06670},
  keywords = {datasets}
}

@inproceedings{arsikere2019MultiDialectAcousticModeling,
  title = {Multi-{{Dialect Acoustic Modeling Using Phone Mapping}} and {{Online}} i-{{Vectors}}},
  booktitle = {Interspeech 2019},
  author = {Arsikere, Harish and Sapru, Ashtosh and Garimella, Sri},
  year = {2019},
  month = sep,
  pages = {2125--2129},
  publisher = {{ISCA}},
  doi = {10.21437/Interspeech.2019-2881}
}

@inproceedings{chen2015ImprovingDeepNeural,
  title = {Improving {{Deep Neural Networks Based Multi}}-{{Accent Mandarin Speech Recognition Using I}}-{{Vectors}} and {{Accent}}-{{Specific Top Layer}}},
  booktitle = {Interspeech 2015},
  author = {Chen, Mingming and Yang, Zhanlei and Liang, Jizhong and Li, Yanpeng and Liu, Wenju},
  year = {2015},
  pages = {3620--3624},
  publisher = {{ISCA}}
}

@article{chen2019AIPNetGenerativeAdversarial,
  title = {{{AIPNet}}: {{Generative Adversarial Pre}}-Training of {{Accent}}-Invariant {{Networks}} for {{End}}-to-End {{Speech Recognition}}},
  shorttitle = {{{AIPNet}}},
  author = {Chen, Yi-Chen and Yang, Zhaojun and Yeh, Ching-Feng and Jain, Mahaveer and Seltzer, Michael L.},
  year = {2019},
  month = nov,
  archivePrefix = {arXiv},
  eprint = {1911.11935},
  eprinttype = {arxiv},
  journal = {arXiv:1911.11935},
  keywords = {asr,gan,multi-accent}
}

@article{darcy2004AccentsBritishIsles,
  title = {The {{Accents}} of the {{British Isles}} ({{ABI}}), Corpus},
  author = {D'Arcy, Shona and Russell, Martin and Browning, Sue and Tomlinson, Mike},
  year = {2004}
}

@article{dehak2011FrontEndFactorAnalysis,
  title = {Front-{{End Factor Analysis}} for {{Speaker Verification}}},
  author = {Dehak, Najim and Kenny, Patrick J. and Dehak, R{\'e}da and Dumouchel, Pierre and Ouellet, Pierre},
  year = {2011},
  month = may,
  volume = {19},
  pages = {788--798},
  issn = {1558-7924},
  doi = {10.1109/TASL.2010.2064307},
  journal = {IEEE Transactions on Audio, Speech, and Language Processing},
  keywords = {speaker-verification},
  number = {4}
}

@inproceedings{elfeky2016AcousticModelUnification,
  title = {Towards Acoustic Model Unification across Dialects},
  booktitle = {2016 {{IEEE Spoken Language Technology Workshop}} ({{SLT}})},
  author = {Elfeky, Mohamed and Bastani, Meysam and Velez, Xavier and Moreno, Pedro and Waters, Austin},
  year = {2016},
  month = dec,
  pages = {624--628},
  issn = {null},
  doi = {10.1109/SLT.2016.7846328}
}

@inproceedings{jain2018ImprovedAccentedSpeech,
  title = {Improved {{Accented Speech Recognition Using Accent Embeddings}} and {{Multi}}-Task {{Learning}}},
  booktitle = {Interspeech 2018},
  author = {Jain, Abhinav and Upreti, Minali and Jyothi, Preethi},
  year = {2018},
  month = sep,
  pages = {2454--2458},
  publisher = {{ISCA}},
  doi = {10.21437/Interspeech.2018-1864},
  keywords = {asr,multi-accent}
}

@article{kamper2012MultiaccentAcousticModelling,
  title = {Multi-Accent Acoustic Modelling of {{South African English}}},
  author = {Kamper, Herman and Muamba Mukanya, F{\'e}licien Jeje and Niesler, Thomas},
  year = {2012},
  month = jul,
  volume = {54},
  pages = {801--813},
  issn = {0167-6393},
  doi = {10.1016/j.specom.2012.01.008},
  journal = {Speech Communication},
  keywords = {asr,multi-accent},
  number = {6}
}

@inproceedings{peddinti2015TimeDelayNeural,
  title = {A {{Time Delay Neural Network Architecture}} for {{Efficient Modeling}} of {{Long Temporal Contexts}}},
  booktitle = {Interspeech 2015},
  author = {Peddinti, Vijayaditya and Povey, Daniel and Khudanpur, Sanjeev},
  year = {2015},
  pages = {3214--3218},
  keywords = {asr,tdnn}
}

@inproceedings{povey2011KaldiSpeechRecognition,
  title = {The {{Kaldi Speech Recognition Toolkit}}},
  booktitle = {{{IEEE}} 2011 {{Workshop}} on {{Automatic Speech Recognition}} and {{Understanding}}},
  author = {Povey, Daniel and Ghoshal, Arnab and Boulianne, Gilles and Burget, Lukas and Glembek, Ondrej and Goel, Nagendra and Hannemann, Mirko and Motlicek, Petr and Qian, Yanmin and Schwarz, Petr and Silovsky, Jan and Stemmer, Georg and Vesely, Karel},
  year = {2011},
  note = {IEEE Catalog No.: CFP11SRW-USB}
}

@inproceedings{viglino2019EndtoEndAccentedSpeech,
  title = {End-to-{{End Accented Speech Recognition}}},
  booktitle = {Interspeech 2019},
  author = {Viglino, Thibault and Motlicek, Petr and Cernak, Milos},
  year = {2019},
  month = sep,
  pages = {2140--2144},
  publisher = {{ISCA}},
  doi = {10.21437/Interspeech.2019-2122},
  keywords = {asr,multi-accent}
}

@inproceedings{yang2018JointModelingAccents,
  title = {Joint {{Modeling}} of {{Accents}} and {{Acoustics}} for {{Multi}}-{{Accent Speech Recognition}}},
  booktitle = {2018 {{IEEE International Conference}} on {{Acoustics}}, {{Speech}} and {{Signal Processing}} ({{ICASSP}})},
  author = {Yang, Xuesong and Audhkhasi, Kartik and Rosenberg, Andrew and Thomas, Samuel and Ramabhadran, Bhuvana and {Hasegawa-Johnson}, Mark},
  year = {2018},
  month = apr,
  pages = {1--5},
  issn = {2379-190X},
  doi = {10.1109/ICASSP.2018.8462557},
  keywords = {asr,multi-accent}
}

@inproceedings{yoo2019HighlyAdaptiveAcoustic,
  title = {A {{Highly Adaptive Acoustic Model}} for {{Accurate Multi}}-Dialect {{Speech Recognition}}},
  booktitle = {{{ICASSP}} 2019 - 2019 {{IEEE International Conference}} on {{Acoustics}}, {{Speech}} and {{Signal Processing}} ({{ICASSP}})},
  author = {Yoo, Sanghyun and Song, Inchul and Bengio, Yoshua},
  year = {2019},
  month = may,
  pages = {5716--5720},
  publisher = {{IEEE}},
  address = {{Brighton, United Kingdom}},
  doi = {10.1109/ICASSP.2019.8683705},
  isbn = {978-1-4799-8131-1}
}


